@inproceedings{Drago:2012:IDU:2398776.2398827,
 author = {Drago, Idilio and Mellia, Marco and M. Munafo, Maurizio and Sperotto, Anna and Sadre, Ramin and Pras, Aiko},
 title = {Inside Dropbox: Understanding Personal Cloud Storage Services},
 booktitle = {Proceedings of the 2012 ACM Conference on Internet Measurement Conference},
 series = {IMC '12},
 year = {2012},
 isbn = {978-1-4503-1705-4},
 location = {Boston, Massachusetts, USA},
 pages = {481--494},
 numpages = {14},
 url = {http://doi.acm.org/10.1145/2398776.2398827},
 doi = {10.1145/2398776.2398827},
 acmid = {2398827},
 publisher = {ACM},
 address = {New York, NY, USA},
 keywords = {cloud storage, dropbox, internet measurement},
} 

@INPROCEEDINGS{Baset04ananalysis,
    author = {Salman A. Baset and Henning Schulzrinne},
    title = {An Analysis of the Skype Peer-to-Peer Internet Telephony Protocol},
    booktitle = {},
    year = {2004}
}


@InProceedings{NugentEtAl03-Place,
           title = "{Controlling your PLACE in the File System with Gray-box Techniques}",
          author = "James Nugent and Andrea C. Arpaci-Dusseau and Remzi H. Arpaci-Dusseau",
       booktitle = "Proceedings of the USENIX Annual Technical Conference (USENIX '03)",
           pages = "311--324",
           month = "June",
            year = "2003",
         address = "San Antonio, Texas",
}



@InProceedings{BurnettEtAl02-Usenix,
           title = "{Exploiting Gray-Box Knowledge of Buffer-Cache Contents}",
          author = "Nathan C. Burnett and John Bent and Andrea C. Arpaci-Dusseau and Remzi H. Arpaci-Dusseau",
       booktitle = "The Proceedings of the USENIX Annual Technical Conference (USENIX '02)",
           pages = "29--44",
           month = "June",
            year = "2002",
         address = "Monterey, CA",
}


@InProceedings{Arpaci-Dusseau01-GrayBox,
           title = "{Information and Control in Gray-Box Systems}",
          author = "Andrea C. Arpaci-Dusseau and Remzi H. Arpaci-Dusseau",
       booktitle = "Proceedings of the 18th ACM Symposium on Operating Systems Principles (SOSP '01)",
           pages = "43--56",
           month = "October",
            year = "2001",
         address = "Banff, Canada",
}

@Misc{guaranteelink,
  title        = "{Twilio Call Rate Limit}",
  howpublished = "https://www.twilio.com/help/faq/twilio-basics/what-are-the-limits-on-outbound-calls-and-sms-messages-per-second",
}