@STRING{POT = "Proceedings of the "}

@STRING{OSDI = " {USENIX} OSDI"}
@STRING{OSDI6 = POT # "6th" # OSDI}
@STRING{OSDI7 = POT # "7th" # OSDI}
@STRING{OSDI8 = POT # "8th" # OSDI}

@STRING{DSN = " {IEEE} International Conference on Dependable Systems and Networks"}
@STRING{DSN2007 = POT # "2007" # DSN}


@STRING{EUROSYS = " EuroSys Conference"}
@STRING{EUROSYS06 = POT # "2006" # EUROSYS}

@STRING{USENIX = " {USENIX} ATC"}
@STRING{USENIX02  = POT # "2002" # USENIX}

@STRING{POPL = " Symposium on Principles of Programming Languages"}
@STRING{POPL24 = POT # "24th" # POPL}

@inproceedings{Williams08-Cornell,
  author = "Dan Williams and Patrick Reynolds and Kevin Walsh and Emin G{\"{u}}n Sirer and
      Fred B. Schneider", 
  title = "{Device Driver Safety Through a Reference Validation Mechanism}", 
  booktitle = OSDI8,
  year = 2008
}

@inproceedings{Levasseur06-VM,
  author = "J. LeVasseur and V. Uhlig and J. Stoess and S. Gotz",
  title = "{Unmodified Device Driver Reuse and Improved System Dependability via
  Virtual Machines}",
  booktitle = OSDI6,
  year = 2004
}

@inproceedings{Fraser04-Xen,
  author = "K. Fraser and S. Hand and R. Neugebauer and I. Pratt and A.
  Warfield and M. Williamson",
  title = "{Safe Hardware Access with the {Xen} Virtual Machine Monitor}", 
  booktitle = "Workshop on Operating System and Architectural Support
  for the On-Demand {IT} Infrastructure",
  year = 2004
}

@InProceedings{Herder07-DSN,
author      = "Jorrit N. Herder and Herbert Bos and Ben Gras and Philip Homburg and Andrew S. Tanenbaum",
title       = "{Failure Resilience for Device Drivers}",
booktitle   = DSN2007,
pages       = "41--50",
month       = jun,
year        = 2007,
}

@inproceedings{Erlingsson06-XFI,
 author = "Ulfar Erlingsson and Martin Abadi and Michael Vrable and Mihai Budiu and George C. Necula",
 title = "{XFI: Software Guards for System Address Spaces}",
 booktitle = OSDI7,
 year = "2006",
 pages = "6--6",
 }

@InProceedings{Spear06-Artifacts,
  title = "{Solving the Starting Problem: Device Drivers as Self-Describing Artifacts}",
  author = "Michael Spear and Tom Roeder and Orion Hodson and Galen Hunt and Steven Levi",
  booktitle = EUROSYS06,
  pages = "45--58",
  month = apr,
  year = "2006",
}

@inproceedings{Jim02-Cyclone,
   author = "Trevor Jim and Greg Morrisett and Dan Grossman and Michael Hicks and 
                       James Cheney and Yanling Wang",
   title = "{Cyclone: A safe dialect of {C}}",
   booktitle = USENIX02,
   address = "Monterey, California",
   month = jun,
   year = "2002",
  pages = "275--288"
}

@Article{Ganger00-Soft,
  title     = "{Soft Updates: A Solution to the Metadata Update Problem in File 
Systems}",
  author    = "Gregory R. Ganger and Marshall Kirk McKusick and Craig A.N. Soules and 
Yale N. Patt",
  journal   = "ACM TOCS",
  volume    = "18",
  number    = "2",
  month     = "May",
  year      = "2000",
}

@Misc{Linux-Kernel,
  title        = "{Linux Kernel}",
  howpublished = "http://www.kernel.org/",
}

@Misc{JBD,
  title        = "{Linux: The Journaling Block Device}",
  howpublished = "http://kerneltrap.org/node/6741/",
}

@InProceedings{IRON,
  title    = "{IRON File Systems}",
  author   = "Vijayan Prabhakaran and Lakshmi N. Bairavasundaram and Nitin Agrawal and Haryadi S. Gunawi and Andrea C. ArpaciDusseau and Remzi H. ArpaciDusseau",
  crossref = "SOSP05",
}

@Misc{Ext3,
  author = 	 {Stephen C. Tweedie},
  title = 	 "{EXT3, Journaling File System}",
  howpublished = {http://olstrans.sourceforge.net/release/OLS2000-ext3/OLS2000-ext3.html},
  year = 	 {2000},
}

@InProceedings{daikon,
 author = "Kataoka, Yoshio and Notkin, David and Ernst, Michael D. and Griswold, William G.",
 title = "{Automated Support for Program Refactoring using Invariants}",
 booktitle = {ICSM'01},
} 

@InProceedings{refactor,
 author = "Mens, Tom and Tourw{\'e}, Tom",
 title = "{A Survey of Software Refactoring}",
 booktitle = {IEEE Trans. Softw. Eng. 2004},
} 




@InProceedings{sba,
  title    = "{Analysis and Evolution of Journaling File Systems}",
  author   = "Vijayan Prabhakaran and Andrea C. Arpaci-Dusseau and Remzi H. Arpaci-Dusseau",
  crossref = "USENIX05",
}

@InProceedings{Zhenming1,
  title    = "{Have Things Changed Now? -- An Empirical Study of Bug Characteristics in Modern Open Source Software}",
  author   = "Zhenmin Li and Lin Tan and Xuanhui Wang and Shan Lu and Yuanyuan Zhou and Chengxiang Zhai",
    booktitle = "ASID06",
}

@InProceedings{fault-linux,
  title    = "{Faults in linux: Ten Years Later}",
  author   = "Palix, Nicolas and Thomas, Gael and Saha, Suman and Calves, Christophe and Lawall, Julia and Muller, Gilles",
  booktitle = "ASPLOS 2011",
}

@InProceedings{EIO,
  title    = "{EIO: Error Handling is Occasionally Correct }",
  author   = "Haryadi S. Gunawi and Cindy Rubio-González and Andrea C. Arpaci-Dusseau and Remzi H. Arpaci-Dusseau and Ben Liblit",
  crossref = "FAST08",
}

@InProceedings{error-code,
  title    = "{Defective Error/Pointer Interactions in the Linux Kernel}",
  author   = "Cindy Rubio-González and Ben Liblit",
  booktitle = "ISSTA 2011",
}

@inproceedings{error-prop,
 author = {Rubio-Gonz\'{a}lez, Cindy and Gunawi, Haryadi S. and Liblit, Ben and Arpaci-Dusseau, Remzi H. and Arpaci-Dusseau, Andrea C.},
 title = {Error propagation analysis for file systems},
 booktitle = {Proceedings of the 2009 ACM SIGPLAN conference on Programming language design and implementation},
 series = {PLDI '09},
} 

@inproceedings{coccinelle,
 author = {Padioleau, Yoann and Lawall, Julia and Hansen, Ren\'{e} Rydhof and Muller, Gilles},
 title = {Documenting and automating collateral evolutions in linux device drivers},
 booktitle = {Proceedings of the 3rd ACM SIGOPS/EuroSys European Conference on Computer Systems 2008},
 series = {Eurosys '08},
} 

@Misc{smatch,
  author = 	 {The Kernel JanitorStephen},
  title = 	 "{Smatch -- The Source Matcher}",
  howpublished = {http://smatch.sourceforge.net/},
  year = 	 {2011},
}

@article{coverity,
 author = {Bessey, Al and Block, Ken and Chelf, Ben and Chou, Andy and Fulton, Bryan and Hallem, Seth and Henri-Gros, Charles and Kamsky, Asya and McPeak, Scott and Engler, Dawson},
 title = {A few billion lines of code later: using static analysis to find bugs in the real world},
 journal = {Commun. ACM},
 month = {February},
 year = {2010},
} 

@article{db-os-1991,
    author = {Mark Sullivan and Ram Chillarege},
    title = {Software Defects and their Impact on System Availability - A Study of Field Failures in Operating Systems},
 series = {FTCS},
    year = {1991}
}

@inproceedings{fix-fix,
    author = {Zuoning Yin and Ding Yuan and Yuanyuan Zhou and Shankar Pasupathy and Lakshmi Bairavasundaram},    
    title = {How Do Fixes Become Bugs? -- A Comprehensive Characteristic Study on Incorrect Fixes in Commercial and Open Source Operating Systems},
    booktitle = {Proceedings of the 8th joint meeting of the European Software Engineering Conference and the ACM SIGSOFT Symposium on the Foundations of Software Engineering (FSE11)},
    year  = {2011},
}

@inproceedings{bug-replay,
 author = {Sahoo, Swarup Kumar and Criswell, John and Adve, Vikram},
 title = {An Empirical Study of Reported Bugs in Server Software with Implications for Automated Bug Diagnosis},
 booktitle = {Proceedings of the 32nd ACM/IEEE International Conference on Software Engineering},
 series = {ICSE '10},
 year = {2010},
} 

@inproceedings{fail-drive,
 author = {Kadav, Asim and Renzelmann, Matthew J. and Swift, Michael M.},
 title = {Tolerating hardware device failures in software},
 booktitle = {Proceedings of the ACM SIGOPS 22nd symposium on Operating systems principles},
 series = {SOSP '09},
} 


@inproceedings{envyfs,
 author = {Bairavasundaram, Lakshmi N. and Sundararaman, Swaminathan and Arpaci-Dusseau, Andrea C. and Arpaci-Dusseau, Remzi H.},
 title = {Tolerating file-system mistakes with EnvyFS},
 booktitle = {Proceedings of the 2009 conference on USENIX Annual technical conference},
 series = {USENIX'09},
} 


@inproceedings{verisoft,
 author = {Godefroid, Patrice},
 title = {Model Checking for Programming Languages Using VeriSoft},
 booktitle = POPL24,
 year = 1997
} 

@book{mccoy1990vms,
  title={VMS File System Internals},
  author={McCoy, Kirby},
  year={1990},
  publisher={Digital Press}
}

@book{duncan1988DOS,
  title={Advanced MS-DOS Programming},
  author={Duncan, Ray},
  year={1988},
  publisher={Microsoft Press Redmond, WA}
}

@InProceedings{PillaiEtAl13-ALC,
           title = "{Towards Efficient, Portable Application-Level Consistency}",
          author = "Thanumalayan Sankaranarayana Pillai and Vijay Chidambaram
              and Joo-Young Hwang and
              Nitin Agrawal and Andrea C. Arpaci-Dusseau and Remzi H. Arpaci-Dusseau",
       booktitle = "Ninth Workshop on Hot Topics in Dependable Systems (HotDep '13)",
           month = "November",
            year = "2013",
         address = "Nemacolin Woodlands Resort, PA",
}

