@Misc{chrome,
  author = "{Google}",
  howpublished = "\url{http://google.com/chrome/}",
  year = "2013",
  title = "{Google Chrome Browser}",
}

@Misc{git,
  author = "{Linus Torvalds}",
  howpublished = "\url{http://git-scm.com/}",
  year = "2005",
  title = "{Git}",
}

@misc{sqlite,
  title  = "{SQLite transactional SQL database engine}",
  author = "{SQLite}",
  howpublished = "\url{http://www.sqlite.org/}",
}

@Misc{mercurial,
  author = "{Matt Mackall}",
  howpublished = "\url{http://mercurial.selenic.com/}",
  year = "2005",
  title = "{Mercurial}",
}

@Misc{vmwareplayer,
    author = "{VMWare}",
    howpublished = "\url{http://www.vmware.com/products/player}",
    title = "{VMWare Player}",
}

@Misc{bdb,
  author = "{Oracle}",
  howpublished =
      "\url{http://www.oracle.com/technetwork/database/database-technologies/berkeleydb/overview/index.html}",
  year = "1994",
  title = "{Oracle Berkeley DB C Version}",
}

@Misc{leveldb,
  author = "{Google}",
  howpublished = "\url{https://code.google.com/p/leveldb/}",
  year = "2011",
  title = "{LevelDB}",
}

@Misc{lmdb,
  author = "{Symas}",
  howpublished = "\url{http://symas.com/mdb/}",
  year = "2011",
  title = "{Lightning Memory-Mapped Database (LMDB)}",
}

@Misc{gdbm,
  author = "{GNU}",
  howpublished = "\url{http://www.gnu.org.ua/software/gdbm/gdbm.html}",
  year = "1979",
  title = "{GNU Database Manager (GDBM)}",
}

@Misc{postgres,
  author = "{The PostgreSQL Global Development Group}",
  howpublished = "\url{http://www.postgresql.org/}",
  title = "{PostgreSQL}",
}

@Misc{hsqldb,
  author = "{HyperSQL}",
  howpublished = "\url{http://www.hsqldb.org/}",
  title = "{HSQLDB}",
}

@Misc{postgres-bug,
  author = "{Postgres}",
  howpublished = "\url{http://www.postgresql.org/docs/9.1/static/wal-internals.html}",
  title = "{PostgreSQL: Documentation: 9.1: WAL Internals}",
}

@article{mohan1986transaction,
  title={Transaction management in the R* distributed database management system},
  author={Mohan, C and Lindsay, Bruce and Obermarck, Ron},
  journal={ACM Transactions on Database Systems (TODS)},
  volume={11},
  number={4},
  pages={378--396},
  year={1986},
  publisher={ACM}
}

@article{chamberlin1981history,
  title={A history and evaluation of System R},
  author={Chamberlin, Donald D and Astrahan, Morton M and Blasgen, Michael W and Gray, James N and King, W Frank and Lindsay, Bruce G and Lorie, Raymond and Mehl, James W and Price, Thomas G and Putzolu, Franco and others},
  journal={Communications of the ACM},
  volume={24},
  number={10},
  pages={632--646},
  year={1981},
  publisher={ACM}
}

@article{haderle1984ibm,
  title={IBM Database 2 overview},
  author={Haderle, Donald J. and Jackson, Robert D.},
  journal={IBM Systems Journal},
  volume={23},
  number={2},
  pages={112--125},
  year={1984},
  publisher={IBM Corp.}
}

@inproceedings{chamberlin1981sqldata,
  title={A history of System R and SQL/data system},
  author={Chamberlin, Donald D and Gilbert, Arthur M and Yost, Robert A},
  booktitle={VLDB},
  pages={456--464},
  year={1981}
}

@article{Kuo96VerifyARIES,
 author = {Kuo, Dean},
 title = {Model and Verification of a Data Manager Based on ARIES},
 journal = {ACM Trans. Database Syst.},
 issue_date = {Dec. 1996},
 volume = {21},
 number = {4},
 month = dec,
 year = {1996},
 issn = {0362-5915},
 pages = {427--479},
 numpages = {53},
 url = {http://doi.acm.org/10.1145/236711.236712},
 doi = {10.1145/236711.236712},
 acmid = {236712},
 publisher = {ACM},
 address = {New York, NY, USA},
 keywords = {ARIES, I/O automata, system failures},
} 

@incollection{martin1997toward,
  title={Toward formalizing recovery of (advanced) transactions},
  author={Martin, Cris Pedregal and Ramamritham, Krithi},
  booktitle={Advanced Transaction Models and Architectures},
  pages={213--234},
  year={1997},
  publisher={Springer}
}

@InProceedings{ThanuEtAl13-appconsistency-hotdep,
           title = "{Towards Efficient, Portable Application-Level Consistency}",
          author = "{Thanumalayan Sankaranarayana Pillai, Vijay Chidambaram, Joo-young Hwang, Andrea C. Arpaci-Dusseau, Remzi H. Arpaci-Dusseau}",
       booktitle = "Proceedings of the 9th Workshop on Hot Topics in Dependable Systems (HotDep '13)",
           month = "November",
            year = "2013",
         address = "Farmington, PA",
}

@Misc{posix2013,
  author = "{The Open Group}",
  howpublished = "\url{http://pubs.opengroup.org/onlinepubs/9699919799/}",
  year = "2013",
  title = "{POSIX.1-2008 IEEE Std 1003.1}",
}

@inproceedings{EatMyData,
           title = "{Eat My Data: How everybody gets file I/O wrong}",
          author = "Stewart Smith",
       booktitle = "OSCON",
           month = "July",
            year = "2008",
         address = "Portland, Oregon",
}

@Misc{git-linus,
  author = "{Linus Torvals}",
  howpublished = "\url{http://marc.info/?l=git&m=124839484917965&w=2}",
  year = "2009",
  title = "{Git Mailing List. Re: what's the current wisdom on git over NFS/CIFS?}",
}

@Misc{git-jeff,
  author = "{Jeff King}",
  howpublished = "\url{http://marc.info/?l=git&m=137489462314389&w=2}",
  year = "2013",
  title = "{Git Mailing List. Re: repo consistency under crashes and power failures?}",
}

@inproceedings{condit2009better,
  title={Better I/O through byte-addressable, persistent memory},
  author={Condit, Jeremy and Nightingale, Edmund B and Frost, Christopher and Ipek, Engin and Lee, Benjamin and Burger, Doug and Coetzee, Derrick},
  booktitle={Proceedings of the ACM SIGOPS 22nd symposium on Operating systems principles},
  pages={133--146},
  year={2009},
  organization={ACM}
}

@Misc{btrfs-mason,
  author = "{Chris Mason}",
  howpublished = "\url{http://www.spinics.net/lists/linux-btrfs/msg32215.html}",
  year = "2014",
  title = "{Git Mailing List. Re: Ordering of directory operations maintained across system crashes in Btrfs?}",
}

@inproceedings{cui2013verifying,
  title={Verifying systems rules using rule-directed symbolic execution},
  author={Cui, Heming and Hu, Gang and Wu, Jingyue and Yang, Junfeng},
  booktitle={Proceedings of the eighteenth international conference on Architectural support for programming languages and operating systems},
  pages={329--342},
  year={2013},
  organization={ACM}
}

@inproceedings{schmuck1991experience,
  title={Experience with transactions in QuickSilver},
  author={Schmuck, Frank and Wylie, Jim},
  booktitle={ACM SIGOPS Operating Systems Review},
  volume={25},
  pages={239--253},
  year={1991},
  organization={ACM}
}

@INPROCEEDINGS{fast09valor,
  AUTHOR =       "R. P. Spillane and S. Gaikwad and E. Zadok and C. P. Wright and M. Chinni",
  TITLE =        "{Enabling transactional file access via lightweight kernel extensions}",
  PAGES =        "29--42",
  BOOKTITLE =    "Proceedings of the Seventh USENIX Conference on File and Storage Technologies (FAST '09)",
  ADDRESS =      "San Francisco, CA",
  MONTH =        "February",
  YEAR =         "2009",
  PUBLISHER =    "USENIX Association",
  KEY =          "fast2009",
}

@inproceedings{wang2013explicating,
  title={Explicating SDKs: Uncovering assumptions underlying secure authentication and authorization},
  author={Wang, Rui and Zhou, Yuchen and Chen, Shuo and Qadeer, Shaz and Evans, David and Gurevich, Yuri},
  booktitle={USENIX Security Symposium},
  year={2013}
}

@inproceedings{wang2013towards,
  title={Towards optimization-safe systems: analyzing the impact of undefined behavior},
  author={Wang, Xi and Zeldovich, Nickolai and Kaashoek, M Frans and Solar-Lezama, Armando},
  booktitle={Proceedings of the Twenty-Fourth ACM Symposium on Operating Systems Principles},
  pages={260--275},
  year={2013},
  organization={ACM}
}

@Misc{LWN1,
  author = 	 {Jonathan Corbet},
  title = 	 "{Solving the Ext3 Latency Problem}",
  howpublished = "\url{http://lwn.net/Articles/328363/}",
  year = 	 {2009},
}

@Misc{zookeeper,
    author = "{Apache}",
    title = "{Apache Zookeeper}",
    howpublished = "\url{http://zookeeper.apache.org/}",
}

@Misc{tso-fsync,
    author = "{Theodore Ts'o}",
    title = "{Don't fear the fsync!}",
    howpublished =
        "\url{http://thunk.org/tytso/blog/2009/03/15/dont-fear-the-fsync/}",
}
