

%\bibitem{baker:measurements} Mary G. Baker, John H. Hartman, Michael D. kupfer, Ken W. Shirriff, and John K. Ousterhout.  Measurements of a Distributed File System.

@article{baker:measurements,
 author = {Baker, Mary G. and Hartman, John H. and Kupfer, Michael D. and Shirriff, Ken W. and Ousterhout, John K.},
 title = {Measurements of a distributed file system},
 journal = {SIGOPS Oper. Syst. Rev.},
 volume = {25},
 issue = {5},
 month = {September},
 year = {1991},
 issn = {0163-5980},
 pages = {198--212},
 numpages = {15},
 url = {http://doi.acm.org/10.1145/121133.121164},
 doi = {http://doi.acm.org/10.1145/121133.121164},
 acmid = {121164},
 publisher = {ACM},
 address = {New York, NY, USA},
} 

@article{ousterhout:bsd,
 author = {Ousterhout, John K. and Da Costa, Herv\'{e} and Harrison, David and Kunze, John A. and Kupfer, Mike and Thompson, James G.},
 title = {A trace-driven analysis of the UNIX 4.2 BSD file system},
 journal = {SIGOPS Oper. Syst. Rev.},
 volume = {19},
 issue = {5},
 month = {December},
 year = {1985},
 issn = {0163-5980},
 pages = {15--24},
 numpages = {10},
 url = {http://doi.acm.org/10.1145/323627.323631},
 doi = {http://doi.acm.org/10.1145/323627.323631},
 acmid = {323631},
 publisher = {ACM},
 address = {New York, NY, USA},
} 


@article{vogels:nt,
 author = {Vogels, Werner},
 title = {File system usage in Windows NT 4.0},
 journal = {SIGOPS Oper. Syst. Rev.},
 volume = {33},
 issue = {5},
 month = {December},
 year = {1999},
 issn = {0163-5980},
 pages = {93--109},
 numpages = {17},
 url = {http://doi.acm.org/10.1145/319344.319158},
 doi = {http://doi.acm.org/10.1145/319344.319158},
 acmid = {319158},
 publisher = {ACM},
 address = {New York, NY, USA},
} 


@Misc{icu, 
  author = {{ICU}},
  title = "{ICU - International Components for Unicode}",
  howpublished = {http://site.icu-project.org/} ,
  year = 2011,
}

@INPROCEEDINGS{Ebling:synrgen,
    author = {Maria R. Ebling and M. Satyanarayanan},
    title = {SynRGen: An extensible file reference generator},
    booktitle = {In Proceedings of the 1994 ACM SIGMETRICS Conference on Measurement and Modeling of Computer Systems},
    year = {1994},
    pages = {108--117}
}

%\bibitem{endo:latency}Yasuhiro Endo, Zheng Wang, J. Bradley Chen, and Margo Seltzer.  Using Latency to Evaluate Interactive System Performance.
@inproceedings{Endo:latency,
 author = {Endo, Yasuhiro and Wang, Zheng and Chen, J. Bradley and Seltzer, Margo},
 title = {Using latency to evaluate interactive system performance},
 booktitle = {Proceedings of the second USENIX symposium on Operating systems design and implementation},
 series = {OSDI '96},
 year = {1996},
 isbn = {1-880446-82-0},
 location = {Seattle, Washington, United States},
 pages = {185--199},
 numpages = {15},
 url = {http://doi.acm.org/10.1145/238721.238775},
 doi = {http://doi.acm.org/10.1145/238721.238775},
 acmid = {238775},
 publisher = {ACM},
 address = {New York, NY, USA},
} 
%\bibitem{mckusick:ffs} Marshall Kirk McKusick, William N. Joy, Samuel J.Lefï¬‚er, and Robert S. Fabry.  A Fast File System for UNIX.
@article{mckusick:ffs,
 author = {McKusick, Marshall K. and Joy, William N. and Leffler, Samuel J. and Fabry, Robert S.},
 title = {A fast file system for UNIX},
 journal = {ACM Trans. Comput. Syst.},
 volume = {2},
 issue = {3},
 month = {August},
 year = {1984},
 issn = {0734-2071},
 pages = {181--197},
 numpages = {17},
 url = {http://doi.acm.org/10.1145/989.990},
 doi = {http://doi.acm.org/10.1145/989.990},
 acmid = {990},
 publisher = {ACM},
 address = {New York, NY, USA},
 keywords = {UNIX, application program interface, file system design, file system organization, file system performance},
} 

%\bibitem{solarisinternals:filebench}http://www.solarisinternals.com/wiki/index.php/
%FileBench\_Workload\_Language
%TODO Insert 29 as day.
@misc{solarisinternals:filebench,
	author = "{Solaris Wiki}",
	title = "FileBench Workload Language",
	howpublished = "{http://www.solarisinternals.com/wiki/index.php/FileBench\_Workload\_Language}",
	month = "April",
	year = "2009",
}

%\bibitem{microsoft:wcff} Microsoft.  Windows Compound Binary File Format Specification.
@misc{microsoft:wcff,
	author = "{Microsoft}",
	title = "Windows Compound Binary File Format Specification",
}
%\bibitem{microsoft:mscfb} Microsoft.  [MS-CFB]: Compound File Binary File Format.
@misc{microsoft:mscfb,
	author = "{Microsoft}",
	title = "{[MS-CFB]:  Compound File Binary File Format}",
}
%\bibitem{microsoft:doc} Microsoft.  Microsoft Office Word 97-2007 Binary File Format Specification.
@misc{microsoft:doc,
	author = "{Microsoft}",
	title = "{Microsoft Office Word 97-2007 Binary File Format Specification}",
}
%\bibitem{microsoft:xls} Microsoft.  Microsoft Office Excel 97-2007 Binary File Format Specification.
@misc{microsoft:xls,
	author = "{Microsoft}",
	title = "{Microsoft Office Excel 97-2007 Binary File Format Specification}",
}
%\bibitem{microsoft:ppt} Microsoft.  Microsoft Office PowerPoint 97-2007 Binary File Format Specification.
@misc{microsoft:ppt,
	author = "{Microsoft}",
	title = "{Microsoft Office PowerPoint 97-2007 Binary File Format Specification}",
}
%TODO Fill in more info for the above, like URL?

%\bibitem{pkware:zip} PKWARE.  .ZIP File Format Specification.
@misc{pkware:zip,
	author = "{PKWARE}",
	title = "{.ZIP File Format Specification.}",
	howpublished = "{http://www.pkware.com/documents/casestudies/APPNOTE.TXT}",
}

@misc{macworld:itunes,
	author = "Kirk McElhearn",
	title = "{What are all those iTunes files}",
	publisher = "Macworld.com",
	howpublished = "{http://www.macworld.com/article/139974/2009/04/itunes\_files.html}",
	month = "April",
	year = "2009",
}

%\bibitem{cameron:splash2}Steven Cameron Woo, Moriyoshi Oharat, Evan Torriet, Jaswinder Pal Singh, and Anoop Guptat.  The SPLASH-2 Programs: Characterization and Methodological Considerations.
@article{cameron:splash2,
 author = {Woo, Steven Cameron and Ohara, Moriyoshi and Torrie, Evan and Singh, Jaswinder Pal and Gupta, Anoop},
 title = {The SPLASH-2 programs: characterization and methodological considerations},
 journal = {SIGARCH Comput. Archit. News},
 volume = {23},
 issue = {2},
 month = {May},
 year = {1995},
 issn = {0163-5964},
 pages = {24--36},
 numpages = {13},
 url = {http://doi.acm.org/10.1145/225830.223990},
 doi = {http://doi.acm.org/10.1145/225830.223990},
 acmid = {223990},
 publisher = {ACM},
 address = {New York, NY, USA},
} 


@Misc{UMassTrace, 
  author = {{University of Massachusetts}},
  title = "{Trace Repository}",
  howpublished = {http://traces.cs.umass.edu/index.php/Storage/Storage} ,
  year = 2009,
}

@inproceedings{cantrill:dynamic_instrumentation,
 author = {Cantrill, Bryan M. and Shapiro, Michael W. and Leventhal, Adam H.},
 title = {Dynamic instrumentation of production systems},
 booktitle = {Proceedings of the annual conference on USENIX Annual Technical Conference},
 series = {ATEC '04},
 year = {2004},
 location = {Boston, MA},
 url = {http://portal.acm.org/citation.cfm?id=1247415.1247417},
 acmid = {1247417},
 publisher = {USENIX Association},
 address = {Berkeley, CA, USA},
} 


@Misc{Holographic99,
  author = "{Alcatel-Lucent}",
  title = "{Lucent, Imation Developing Bell Labs Holographic Storage Technology}",
  howpublished = "http://www.bell-labs.com/news/1999/august/11/1.html",
  year = 1999,
}


@inproceedings{DiffRAID,
 author = "{Asim Kadav, Mahesh Balakrishnan, Vijayan Prabhakaran, and Dahlia Malkhi}",
 title = "{Differential RAID: Rethinking RAID for SSD Reliability}",
 booktitle = "{Workshop on Hot Topics in Storage and File Systems (HotStorage' 09)}",
 year = {2009},
 }

@Misc{JFFS2,
author = "{Red Hat Corporation}",
title = "JFFS2: The Journalling Flash File System",
howpublished = {http://sources.redhat.com/jffs2/jffs2.pdf}, 
year = {2001}
}

@article{IntelBER08,
  author = "{N. Mielke, T. Marquart, N. Wu, J. Kessenich, H. Belgal, E. Schares, and F. Trivedi}",
  title =  {Bit error rate in nand flash memories},
  journal = "{IEEE International Reliability Physics Symposium}",
  year = {2008}
}


@article{Modelli04,
  author = "{A. Modelli, A. Visconti, and R. Bez}",
  title = {Advanced Flash Memory Reliability},
  journal = "{2004 IEEE International Conference on Integrated Circuit Design and Technology}",
  year = {2004}
}

@article{Hybrid10,
  author = "{Gokul Soundararajan, Vijayan Prabhakaran, Mahesh Balakrishnan, and Ted Wobber}",
  title = {Griffin: Extending SSD Lifetimes with Disk-Based Write Caches},
  journal = "{FAST 2010: 8th USENIX Conference on File and Storage Technologies}",
  year = {2010}
}


@INPROCEEDINGS{embedded-inodes,
    author = {Gregory Ganger and M. Frans Kaashoek},
    title = {Embedded Inodes and Explicit Grouping: Exploiting Disk Bandwidth for Small Files},
    booktitle = {In Proceedings of the 1997 USENIX Technical Conference},
    year = {1997},
    pages = {1--17}
}

@Misc{Olson07-NTFS,
  title = "{Enhance Your Apps With File System Transactions}",
  author = "Jason Olson",
  howpublished = "http://msdn.microsoft.com/en-us/magazine/cc163388.aspx",
  month = jul,
  year = "2007",
}

@Misc{TedTso08-LKML,
  title = "{Re: [PATCH 0/4] (RESEND) ext3[34] barrier changes. Linux Kernel Mailing List.}",
  author = "Theodore Tso",
  howpublished = "\url{http://article.gmane.org/gmane.comp.file-systems.ext4/6662}",
  month = May,
  year = "2008",
}

@STRING{POT = "Proceedings of the "}

@STRING{OSDI = " {USENIX} OSDI"}
@STRING{OSDI6 = POT # "6th" # OSDI}
@STRING{OSDI7 = POT # "7th" # OSDI}
@STRING{OSDI8 = POT # "8th" # OSDI}

@STRING{DSN = " {IEEE} International Conference on Dependable Systems and Networks"}
@STRING{DSN2007 = POT # "2007" # DSN}

@STRING{EUROSYS = " EuroSys Conference"}
@STRING{EUROSYS06 = POT # "2006" # EUROSYS}

@STRING{USENIX = " {USENIX} ATC"}
@STRING{USENIX02  = POT # "2002" # USENIX}

@inproceedings{Williams08-Cornell,
  author = "Dan Williams and Patrick Reynolds and Kevin Walsh and Emin G{\"{u}}n Sirer and
      Fred B. Schneider", 
  title = "{Device Driver Safety Through a Reference Validation Mechanism}", 
  booktitle = OSDI8,
  year = 2008
}

@inproceedings{Levasseur06-VM,
  author = "J. LeVasseur and V. Uhlig and J. Stoess and S. Gotz",
  title = "{Unmodified Device Driver Reuse and Improved System Dependability via
  Virtual Machines}",
  booktitle = OSDI6,
  year = 2004
}

@inproceedings{Fraser04-Xen,
  author = "K. Fraser and S. Hand and R. Neugebauer and I. Pratt and A.
  Warfield and M. Williamson",
  title = "{Safe Hardware Access with the {Xen} Virtual Machine Monitor}", 
  booktitle = "Workshop on Operating System and Architectural Support
  for the On-Demand {IT} Infrastructure",
  year = 2004
}

@InProceedings{Herder07-DSN,
author      = "Jorrit N. Herder and Herbert Bos and Ben Gras and Philip Homburg and Andrew S. Tanenbaum",
title       = "{Failure Resilience for Device Drivers}",
booktitle   = DSN2007,
pages       = "41--50",
month       = jun,
year        = 2007,
}

@inproceedings{Erlingsson06-XFI,
 author = "Ulfar Erlingsson and Martin Abadi and Michael Vrable and Mihai Budiu and George C. Necula",
 title = "{XFI: Software Guards for System Address Spaces}",
 booktitle = OSDI7,
 year = "2006",
 pages = "6--6",
 }

@InProceedings{Spear06-Artifacts,
  title = "{Solving the Starting Problem: Device Drivers as Self-Describing Artifacts}",
  author = "Michael Spear and Tom Roeder and Orion Hodson and Galen Hunt and Steven Levi",
  booktitle = EUROSYS06,
  pages = "45--58",
  month = apr,
  year = "2006",
}

@inproceedings{Jim02-Cyclone,
   author = "Trevor Jim and Greg Morrisett and Dan Grossman and Michael Hicks and 
                       James Cheney and Yanling Wang",
   title = "{Cyclone: A safe dialect of {C}}",
   booktitle = USENIX02,
   address = "Monterey, California",
   month = jun,
   year = "2002",
  pages = "275--288"
}

@Article{Ganger00-Soft,
  title     = "{Soft Updates: A Solution to the Metadata Update Problem in File 
Systems}",
  author    = "Gregory R. Ganger and Marshall Kirk McKusick and Craig A.N. Soules and 
Yale N. Patt",
  journal   = "ACM TOCS",
  volume    = "18",
  number    = "2",
  month     = "May",
  year      = "2000",
}

@InProceedings{RajimwaleEtAl11-CCE,
           title = "{Coerced Cache Eviction and Discreet-Mode Journaling: Dealing with Misbehaving Disks}",
          author = "Abhishek Rajimwale and Vijay Chidambaram and Deepak Ramamurthi and Andrea C. Arpaci-Dusseau and Remzi H. Arpaci-Dusseau",
       booktitle = "Proceedings of the International Conference on Dependable Systems and Networks (DSN'11)",
           month = "June",
            year = "2011",
         address = "Hong Kong, China",
}

@Misc{Filebench05,
  author = "Richard McDougall and Jim Mauro",
  title = "{Filebench}",
  howpublished = "\url{http://sourceforge.net/apps/mediawiki/filebench/index.php?title=Filebench}",
  year = 2005,
}

@Misc{gensort09,
  author = "Chris Nyberg",
  title = "{gensort Data Generator}",
  howpublished = "\url{http://www.ordinal.com/gensort.html}",
  year = 2009,
}

@Misc{t10dif,
  author = "Technical Committee T10",
  title = "{T10 Data Integrity Field standard}",
  howpublished = "\url{http://www.t10.org/}",
  year = 2009,
}

@InProceedings{Macko2010,
 author = {Macko, Peter and Seltzer, Margo and Smith, Keith A.},
 title = "{Tracking Back References in a Write-Anywhere File System}",
 booktitle = {Proceedings of the 8th USENIX conference on File and storage technologies},
 crossref = "FAST10" 
} 

@InProceedings{PrabhakaranEtAl05-IRON,
           title = "{IRON File Systems}",
          author = "Vijayan Prabhakaran and Lakshmi N. Bairavasundaram and Nitin Agrawal and Haryadi S. Gunawi and Andrea C. Arpaci-Dusseau and Remzi H. Arpaci-Dusseau",
       booktitle = "Proceedings of the 20th ACM Symposium on Operating Systems Principles (SOSP '05)",
           pages = "206--220",
           month = "October",
            year = "2005",
      address    = "Brighton, United Kingdom",
}

@InProceedings{ScvachkoEtAl10-HDFS,
  author = "Konstantin Shvachko and Hairong Kuang and Sanjay Radia and Robert Chansler",
  title = "{The Hadoop Distributed File System}", 
  crossref = {MSST10},
}

@article{Dion80-CFS,
 author = {Dion, Jeremy},
 title = "{The Cambridge File Server}",
 journal = "{SIGOPS Operating Systems Review}",
 volume = {14},
 issue = {4},
 month = {October},
 year = {1980},
 issn = {0163-5980},
 pages = {26--35},
 numpages = {10},
 url = {http://doi.acm.org/10.1145/850708.850710},
 doi = {http://doi.acm.org/10.1145/850708.850710},
 acmid = {850710},
 publisher = {ACM},
 address = {New York, NY, USA},
}

@InProceedings{KrioukovEtAl08-FAST,
           title = "{Parity Lost and Parity Regained}",
          author = "Andrew Krioukov and Lakshmi N. Bairavasundaram and Garth R. Goodson and Kiran Srinivasan and Randy Thelen and Andrea C. Arpaci-Dusseau and Remzi H. Arpaci-Dusseau",
       booktitle = "Proceedings of the 6th USENIX Conference on File and Storage Technologies (FAST '08)",
           month = "February",
            year = "2008",
         address = "San Jose, California",
}

@book{Nagar97-NTFS,
 author = {Nagar, Rajeev},
 title = "{Windows NT File System Internals: A Developer's Guide}",
 year = {1997},
 isbn = {1-56592-249-2},
 publisher = {O'Reilly \& Associates, Inc.},
 address = {Sebastopol, CA, USA},
}  

@Misc{SerialATA,
  title  = "{Serial ATA Revision 3.0 Specification}",
  author = "{The Serial ATA International Organization}",
  month  = jun,
  year   = "2009",
  howpublished = "\url{http://www.sata-io.org/technology/6Gbdetails.asp}",
}

@Misc{sqlite-ide,
  title  = "{How To Corrupt Your Database Files}",
  author = "{SQLite}",
  howpublished = "\url{http://www.sqlite.org/lockingv3.html}",
}

@Misc{r1soft-disk,
  title  = "{Disk Safe Best Practices}",
  author = "{R1Soft}",
  month  = dec,
  year   = "2011",
  howpublished = "\url{http://wiki.r1soft.com/display/CDP3/Disk+Safe+Best+Practices}",
}

@Misc{seagate-barracuda,
  title  = "{ST3250823AS (7200.8) ignores FLUSH CACHE in AHCI mode}",
  author = "{Seagate Forums}",
  month  = sep,
  year   = "2011",
  howpublished = "\url{http://bit.ly/xcSAUV}",
}

@Misc{virtualbox-ignoreflush,
  title  = "{Responding to guest IDE/SATA flush requests}",
  author = "{VirtualBox Manual}",
  howpublished = "\url{http://www.virtualbox.org/manual/ch12.html}",
}

@Misc{URLBonwick07-ZFS,
  title = "{ZFS: The Last Word in File Systems}",
  author = "Jeff Bonwick and Bill Moore",
  howpublished = "\url{http://opensolaris.org/os/community/zfs/docs/zfs_last.pdf}",
  year = "2007",
}

@TechReport{Chidambaram12-NoFSTR,
  title       = "{Consistency Without Ordering}", 
  author      = "Vijay Chidambaram and Tushar Sharma and Andrea C. Arpaci-Dusseau and Remzi H. Arpaci-Dusseau",
  year        = "2012",
  number      = "1709",
  institution = "University of Wisconsin-Madison Computer Sciences",
  month       = "January",
}

@InProceedings{HensonEtAl06-ReduceFsck,
    title = "{Reducing Fsck Time For Ext2 File Systems}",
   author = "Val Henson and Zach Brown and Theodore Ts'o and Arjan van de Ven",
 crossref = "OLS06",
}

@InProceedings{HensonEtAl06-ChunkFSlocal,
           title = "{Chunkfs: Using Divide-And-Conquer to Improve File System Reliability and Repair}",
          author = "Val Henson and Arjan van de Ven and Amit Gud and Zach Brown",
        crossref = "HOTDEP06",
}

@InProceedings{SaitoEtAl02-Pangaealocal,
  title = "{Taming Aggressive Replication in the Pangaea Wide-Area File System}", 
  author = "Yasushi Saito and Christos Karamanolis and Magnus Karlsson and Mallik Mahalingam",
  crossref = {OSDI02},
}

@Article{SaltzerReedClark84-EndToEndlocal,
  author =       "Jerome H. Saltzer and David P. Reed and David D. Clark",
  title =        "{End-To-End Arguments in System Design}",
  journal =      tocs,
  volume =       "2",
  number =       "4",
  month =        nov,
  year =         "1984",
  pages =        "277--288",
}

@Misc{URLCorbet-Barrier,
  title = "{Barriers and journaling filesystems}",
  author = "Jonathan Corbet",
  howpublished = "\url{http://lwn.net/Articles/283161/}",
  year = "2007",
}

@article{haerder1983principles,
  title={Principles of transaction-oriented database recovery},
  author={Haerder, Theo and Reuter, Andreas},
  journal={ACM Computing Surveys (CSUR)},
  volume={15},
  number={4},
  pages={287--317},
  year={1983},
  publisher={ACM}
}

@Misc{URLPosix-Rename,
  title = "{Rename: The Open Group Base Specifications Issue 6}",
  author = "The Open Group",
  howpublished = "\url{http://pubs.opengroup.org/onlinepubs/009695399/functions/rename.html}",
  year = "2004",
}

@Misc{URLMason-Workload,
  title = "{Re: [PATCH 0/4] (RESEND) ext3[34] barrier changes}",
  author = "Chris Mason",
  howpublished = "\url{http://lwn.net/Articles/283169/}",
  year = "2004",
}

@Misc{URLDiskSim-Model,
  title = "{Database of Validated Disk Parameters}",
  author = "DiskSim",
  howpublished = "\url{http://www.pdl.cmu.edu/DiskSim/diskspecs.shtml}",
  year = "2007",
}

@Misc{SQLite-Corrupt-11,
  title = "{How To Corrupt An SQLite Database File}",
  author = "{SQLite Team}",
  howpublished = "\url{http://www.sqlite.org/howtocorrupt.html}",
  year = "2011",
}

@Misc{Postgres-13,
  author = "{PostgreSQL Team}",
  howpublished = "http://www.postgresql.org/docs/8.3/static/ wal-async-commit.html",
  year = "2013",
  title = "{PostgreSQL 8.3.23 Documentation: Chapter 28. Reliability and the
      Write-Ahead Log}",
}

@Misc{Sysbench-04,
  author = "{Alexey Kopytov}",
  howpublished = "\url{http://sysbench.sourceforge.net/index.html}",
  year = "2004",
  title = "{SysBench: a system performance benchmark}",
}

@article{bailis2012probabilistically,
 author   = {Peter Bailis and Shivaram Venkataraman and Michael J. Franklin and Joseph M. Hellerstein and Ion Stoica},
 title    = "{Probabilistically Bounded Staleness for Practical Partial Quorums}",
 journal  = {PVLDB},
 volume   = {5},
 number   = {8},
 year     = {2012},
 pages    = {776--787},
 url      = {http://vldb.org/pvldb/vol5/p776_peterbailis_vldb2012.pdf},
}

@inproceedings{yu2000design,
  author={Yu, Haifeng and Vahdat, Amin},
  title="{Design and Evaluation of a Continuous Consistency Model for Replicated Services}",
  crossref = "OSDI00",
}

@Misc{URLmassivefsthread,
  title = "{That massive filesystem thread}",
  author   =  "Jonathan Corbet",
  month    = "March",
  year     = "2009",
  howpublished = "\url{http://lwn.net/Articles/326471/}",
}

@Misc{URLSATAspec,
  title = "{Serial ATA Specification Rev. 3.0 Gold}",
  author = "{KnowledgeTek}",
  howpublished =
      "\url{http://www.knowledgetek.com/datastorage/courses/SATA_3.0-8.14.09(CD).pdf}",
  year = {2009}
}

@article{marshall2012disks,
  title= "{Disks from the Perspective of a File System}",
  author={Marshall Kirk McKusick},
  journal={Communications of the ACM},
  volume={55},
  number={11},
  year={2012},
  pages = {53--55}
}

@article{kung1981optimistic,
  title="{On Optimistic Methods for Concurrency Control}",
  author={Kung, Hsiang-Tsung and Robinson, John T},
  journal={ACM Transactions on Database Systems (TODS)},
  volume={6},
  number={2},
  pages={213--226},
  year={1981},
  publisher={ACM}
}

@article{herlihy1990apologizing,
  title = "{Apologizing Versus Asking Permission: Optimistic Concurrency Control for Abstract Data Types}",
  author={Herlihy, Maurice},
  journal={ACM Transactions on Database Systems (TODS)},
  volume={15},
  number={1},
  pages={96--124},
  year={1990},
  publisher={ACM}
}

@inproceedings{cipar2012lazybase,
  title= "{LazyBase: trading freshness for performance in a scalable database}",
  author={Cipar, James and Ganger, Greg and Keeton, Kimberly and Morrey III, Charles B and Soules, Craig AN and Veitch, Alistair},
  crossref = "EUROSYS12",
  pages = "169-182",
}

@inproceedings{wang2012robustness,
  title="{Robustness in the Salus Scalable Block Store}",
  author={Wang, Yang and Kapritsos, Manos and Ren, Zuocheng and Mahajan, Prince and Kirubanandam, Jeevitha and Alvisi, Lorenzo and Dahlin, Mike},
  crossref = "NSDI13",
  pages = "357-370",
}

@inproceedings{remy1994design,
  title={Design and implementation of the second extended filesystem},
  author={R{\'e}my, Card and Tsâ€™o Theodore, Tweedie Stephen},
  booktitle={Proceedings of the first Dutch international symposium on Linux},
  year={1994}
}

